
@misc{astro-const,
  title = {2014 Astronomical Constants},
  author = {USNO},
  howpublished = {\url{http://asa.usno.navy.mil/static/files/2014/Astronomical_Constants_2014.pdf}}
}

@article{Laclare1996,
    author={Laclare, F.
    and Delmas, C.
    and Coin, J. P.
    and Irbah, A.},
    title="Measurements and variations of the solar diameter",
    journal="Solar Physics",
    year="1996",
    month="Jul",
    day="01",
    volume="166",
    number="2",
    pages="211--229",
    issn="1573-093X",
    doi="10.1007/BF00149396",
    url="https://doi.org/10.1007/BF00149396"
}

@misc{nasa-sun-earth,
  title = {Sun-Earth Connection},
  author = {NASA},
  howpublished = {\url{https://www.nasa.gov/mission_pages/themis/auroras/sun_earth_connect.html}},
}

@book{ssm,
  author = {Guenther and D. B. and Demarque and P. and Kim and Y.-C. and \& Pinsonneault and M. H.},
  title = {Standard solar model},
  journal = { Astrophysical Journal, Part 1 (ISSN 0004-637X), vol. 387, p. 372-393.},
  publisher = {The American Astronomical Society},
  year = {March 1, 1992}
}

@book{sesm,
  author = {Dziembowski and W. A. and Goode and P. R. and Pamyatnykh and A. A. and \& Sienkiewicz and R.},
  title = {Updated seismic solar model},
  journal = {The Astrophysical Journal, Part 1 (ISSN 0004-637X), vol. 445, no. 1, p. 509-510},
  publisher = {NASA},
  year = {1995}
}

@article{ssmb,
    author = {Turck-Chi√®ze, Sylvaine},
    year = {2016},
    month = {01},
    pages = {012078},
    title = {The Standard Solar Model and beyond},
    volume = {665},
    journal = {Journal of Physics: Conference Series},
    doi = {10.1088/1742-6596/665/1/012078}
}

@article{soho,
    author = {B. Fleck, V. Domingo, A. Poland},
    title = {The SOHO Mission.},
    publisher = {Springer, Dordrecht},
    year = {1995},
    journal = {Springer Science + Business Media B.V.}
}

@misc{sstruct,
  title = {Interior Structure of the Sun},
  author = {Wikipedia},
  howpublished = {\url{https://en.wikipedia.org/wiki/Sun#Structure_and_fusion}}
}

@misc{kelvin13,
  title = {Visualization of the interior structure of the sun},
  author = {Wikipedia user:Kelvin13},
  howpublished = {\url{https://commons.wikimedia.org/wiki/User:Kelvin13}}
}

@misc{convect,
  title = {THE CONVECTION ZONE},
  author = {NorthWest Research Associates},
  howpublished = {\url{https://www.cora.nwra.com/~werne/eos/text/convection_zone.html}}
}

@misc{diffrot,
  title = {Solar Rotation Varies by Latitude},
  author = {Holly Zell, NASA},
  howpublished = {\url{https://www.nasa.gov/mission_pages/sunearth/science/solar-rotation.html}}
}

@article{diffrotrev,
   author = {{Beck}, J.~G.},
    title = "{A comparison of differential rotation measurements - (Invited Review)}",
  journal = {Solar Physics},
     year = 2000,
    month = jan,
   volume = 191,
    pages = {47-70},
      doi = {10.1023/A:1005226402796},
   adsurl = {http://adsabs.harvard.edu/abs/2000SoPh..191...47B},
  adsnote = {Provided by the SAO/NASA Astrophysics Data System}
}
